<record><leader>00000cas a22000007a 4500</leader><controlfield tag="001">14088833</controlfield><controlfield tag="008">860814d18961902paucr ne      0    0eng d</controlfield><datafield ind1=" " ind2=" " tag="010"><subfield code="a">sn 86081734 </subfield></datafield><datafield ind1=" " ind2=" " tag="040"><subfield code="a">NPH</subfield><subfield code="b">eng</subfield><subfield code="c">NPH</subfield><subfield code="d">OCLCQ</subfield></datafield><datafield ind1=" " ind2=" " tag="042"><subfield code="a">msc</subfield></datafield><datafield ind1="0" ind2="4" tag="245"><subfield code="a">The Semi-weekly item.</subfield></datafield><datafield ind1=" " ind2=" " tag="260"><subfield code="a">Mount Carmel, Pa. :</subfield><subfield code="b">W.B. Wilson,</subfield><subfield code="c">1896-</subfield></datafield><datafield ind1=" " ind2=" " tag="300"><subfield code="a">v.</subfield></datafield><datafield ind1=" " ind2=" " tag="310"><subfield code="a">Semiweekly</subfield></datafield><datafield ind1="0" ind2=" " tag="362"><subfield code="a">Vol. 9, no. 28 (July 16, 1896)-</subfield></datafield><datafield ind1="1" ind2=" " tag="362"><subfield code="a">Ceased in Oct. 1902.</subfield><subfield code="z">Cf. Rossell, G. Pa. newspapers.</subfield></datafield><datafield ind1=" " ind2=" " tag="500"><subfield code="a">Published every Wednesday and Saturday.</subfield></datafield><datafield ind1=" " ind2=" " tag="752"><subfield code="a">United States</subfield><subfield code="b">Pennsylvania</subfield><subfield code="c">Northumberland</subfield><subfield code="d">Mount Carmel.</subfield></datafield><datafield ind1="0" ind2="0" tag="780"><subfield code="t">Weekly item (Mount Carmel, Pa.)</subfield><subfield code="w">(DLC)sn 86081733</subfield></datafield><datafield ind1="0" ind2="0" tag="785"><subfield code="t">Mount Carmel item</subfield><subfield code="w">(DLC)sn 86081735</subfield></datafield></record>